@misc{pakin2020comprehensive,
  title={The Business of 21st Century},
  author={Kiyosaki, Robert},
  year={2010}

}